<record><leader>00000cas a2200000 a 4500</leader><controlfield tag="001">19258941</controlfield><controlfield tag="008">890224d19541961tnuwr ne      0    0eng d</controlfield><datafield ind1=" " ind2=" " tag="010"><subfield code="a">sn 89058366 </subfield></datafield><datafield ind1=" " ind2=" " tag="040"><subfield code="a">KNP</subfield><subfield code="b">eng</subfield><subfield code="c">KNP</subfield><subfield code="d">TGN</subfield><subfield code="d">OCL</subfield><subfield code="d">OCLCQ</subfield><subfield code="d">OCLCF</subfield><subfield code="d">OCLCO</subfield></datafield><datafield ind1="1" ind2=" " tag="029"><subfield code="a">AU@</subfield><subfield code="b">000020038220</subfield></datafield><datafield ind1=" " ind2=" " tag="042"><subfield code="a">msc</subfield></datafield><datafield ind1=" " ind2=" " tag="043"><subfield code="a">n-us-tn</subfield></datafield><datafield ind1="0" ind2="4" tag="245"><subfield code="a">The Fountain citizen.</subfield></datafield><datafield ind1="1" ind2="3" tag="246"><subfield code="a">Fountain/Norwood Citizen</subfield></datafield><datafield ind1="1" ind2="3" tag="246"><subfield code="a">Norwood Citizen</subfield></datafield><datafield ind1=" " ind2=" " tag="260"><subfield code="a">Fountain City, Tenn. :</subfield><subfield code="b">Cliff &amp; Pat Greenwood and Norma &amp; Jack Parsel,</subfield><subfield code="c">1954-</subfield></datafield><datafield ind1=" " ind2=" " tag="300"><subfield code="a">v. :</subfield><subfield code="b">ill.</subfield></datafield><datafield ind1=" " ind2=" " tag="310"><subfield code="a">Weekly</subfield></datafield><datafield ind1="0" ind2=" " tag="362"><subfield code="a">Vol. 1, no. 1 (Nov. 26, 1954)-</subfield></datafield><datafield ind1="1" ind2=" " tag="362"><subfield code="a">Ceased in 1961?</subfield></datafield><datafield ind1=" " ind2=" " tag="500"><subfield code="a">Publishers: Cliff &amp; Pat Greenwood and Norma &amp; Jack Parsel, &lt;1954&gt;; Mr. &amp; Mrs. J.D. Parsel, 1955-&lt;1959&gt;; Citizen Pub. Co., &lt;1960&gt;; Suburban Pub. Co., Sept.-Nov. 1960; Weekly News Publishers, Inc., Dec. 1960-1961.</subfield></datafield><datafield ind1=" " ind2="0" tag="651"><subfield code="a">Fountain City (Tenn.)</subfield><subfield code="v">Newspapers.</subfield></datafield><datafield ind1=" " ind2="0" tag="651"><subfield code="a">Knox County (Tenn.)</subfield><subfield code="v">Newspapers.</subfield></datafield><datafield ind1=" " ind2="7" tag="655"><subfield code="a">Newspapers.</subfield><subfield code="2">fast</subfield><subfield code="0">(OCoLC)fst01423814</subfield></datafield><datafield ind1=" " ind2="7" tag="651"><subfield code="a">Tennessee</subfield><subfield code="z">Fountain City.</subfield><subfield code="2">fast</subfield><subfield code="0">(OCoLC)fst01305841</subfield></datafield><datafield ind1=" " ind2="7" tag="651"><subfield code="a">Tennessee</subfield><subfield code="z">Knox County.</subfield><subfield code="2">fast</subfield><subfield code="0">(OCoLC)fst01215247</subfield></datafield><datafield ind1=" " ind2=" " tag="752"><subfield code="a">United States</subfield><subfield code="b">Tennessee</subfield><subfield code="c">Knox</subfield><subfield code="d">Fountain City.</subfield></datafield></record>